<?xml version="1.0" encoding="UTF-8"?><record xmlns="http://www.loc.gov/MARC21/slim" xmlns:cinclude="http://apache.org/cocoon/include/1.0" xmlns:zs="http://www.loc.gov/zing/srw/">
  <leader>00472cz  a2200145n  4500</leader>
  <controlfield tag="001">n 2002162652</controlfield>
  <controlfield tag="003">DLC</controlfield>
  <controlfield tag="005">20080130075413.0</controlfield>
  <controlfield tag="008">021114n| acannaabn          |n ana      </controlfield>
  <datafield tag="010" ind1=" " ind2=" ">
    <subfield code="a">n 2002162652</subfield>
  </datafield>
  <datafield tag="035" ind1=" " ind2=" ">
    <subfield code="a">(OCoLC)oca05913070</subfield>
  </datafield>
  <datafield tag="040" ind1=" " ind2=" ">
    <subfield code="a">DLC</subfield>
    <subfield code="b">eng</subfield>
    <subfield code="c">DLC</subfield>
    <subfield code="d">OCoLC</subfield>
  </datafield>
  <datafield tag="110" ind1="2" ind2=" ">
    <subfield code="a">Coubron (France)</subfield>
  </datafield>
  <datafield tag="670" ind1=" " ind2=" ">
    <subfield code="a">Coubron et les artistes, 1998:</subfield>
    <subfield code="b">t.p. (Coubron) colophon (municipalité de Coubron)</subfield>
  </datafield>
  <datafield tag="670" ind1=" " ind2=" ">
    <subfield code="a">BGN Geonet Nov. 14, 2002:</subfield>
    <subfield code="b">(Coubron, ppl. 48°55ʹ00ʺN, 002°35ʹ00ʺE)</subfield>
  </datafield>
</record>